<record><leader>00000cas a22000007a 4500</leader><controlfield tag="001">16717759</controlfield><controlfield tag="008">870918d1881190unyuwr ne      0    0eng d</controlfield><datafield ind1=" " ind2=" " tag="010"><subfield code="a">sn 87070275 </subfield></datafield><datafield ind1=" " ind2=" " tag="040"><subfield code="a">NYS</subfield><subfield code="b">eng</subfield><subfield code="c">NYS</subfield><subfield code="d">NYG</subfield><subfield code="d">NYS</subfield><subfield code="d">OCLCQ</subfield></datafield><datafield ind1=" " ind2=" " tag="042"><subfield code="a">msc</subfield></datafield><datafield ind1="0" ind2="0" tag="245"><subfield code="a">Washington County advertiser.</subfield></datafield><datafield ind1="3" ind2="0" tag="246"><subfield code="a">Holiday advertiser</subfield></datafield><datafield ind1=" " ind2=" " tag="260"><subfield code="a">Fort Edward, N.Y. :</subfield><subfield code="b">Geo. A. Nash &amp; Co.</subfield></datafield><datafield ind1=" " ind2=" " tag="300"><subfield code="a">v.</subfield></datafield><datafield ind1=" " ind2=" " tag="310"><subfield code="a">Weekly</subfield></datafield><datafield ind1="0" ind2=" " tag="362"><subfield code="a">Vol. 3, no. 1 (Oct. 27, 1881)-</subfield></datafield><datafield ind1=" " ind2=" " tag="525"><subfield code="a">Supplement titled: holiday advertiser issued &lt;Dec. 1885&gt;.</subfield></datafield><datafield ind1=" " ind2="4" tag="651"><subfield code="a">Fort Edward (N.Y.)</subfield><subfield code="v">Newspapers.</subfield></datafield><datafield ind1=" " ind2=" " tag="752"><subfield code="a">United States</subfield><subfield code="b">New York</subfield><subfield code="c">Washington</subfield><subfield code="d">Fort Edward.</subfield></datafield><datafield ind1="0" ind2="0" tag="780"><subfield code="t">Commercial advertiser (Sandy Hill, N.Y.)</subfield><subfield code="w">(DLC)sn 87070274</subfield></datafield><datafield ind1="0" ind2="0" tag="785"><subfield code="t">Fort Edward advertiser</subfield><subfield code="w">(DLC)sn 87070303</subfield></datafield><datafield ind1="1" ind2=" " tag="029"><subfield code="a">AU@</subfield><subfield code="b">000025795330</subfield></datafield></record>